<?xml version="1.0" encoding="UTF-8"?><collection xmlns="http://www.loc.gov/MARC21/slim"><record><leader>00461nam--2200169-i-4500</leader><controlfield tag="001">000023221</controlfield><controlfield tag="002">20161230</controlfield><controlfield tag="005">20161230201034</controlfield><controlfield tag="008">060222s1000------------r-----000-0-eng-d</controlfield><datafield ind1=" " ind2=" " tag="040"><subfield code="a">IFIN-HH</subfield></datafield><datafield ind1=" " ind2=" " tag="080"><subfield code="a">53:91</subfield></datafield><datafield ind1="1" ind2=" " tag="100"><subfield code="a">Heisenberg, Werner</subfield></datafield><datafield ind1="1" ind2="0" tag="245"><subfield code="a">Physics and beyond. encounters and conversations</subfield><subfield code="c">Werner heisenberg</subfield></datafield><datafield ind1=" " ind2=" " tag="260"><subfield code="a">London</subfield><subfield code="b">George Allen &amp; Unwin Ltd</subfield><subfield code="c">1971</subfield></datafield><datafield ind1=" " ind2=" " tag="300"><subfield code="a">VIII + 256P</subfield></datafield><datafield ind1=" " ind2=" " tag="852"><subfield code="a">35561</subfield><subfield code="c">53</subfield></datafield><datafield ind1=" " ind2=" " tag="CAT"><subfield code="a">Sys</subfield><subfield code="c">20150310</subfield><subfield code="h">152202</subfield></datafield></record></collection>